@misc{nobel,
 author = {Nobel Media AB},
 title = {{The Nobel Price in Physiology or medicine 1979}},
 url = {https://www.nobelprize.org/prizes/medicine/1979/summary/},
 urldate = {2022-09-26},
 howpublished = {(Accessed 26.9.2022)},
 year={2018}
}

@techreport{gelPhantom,
  author       = {Heikkil√§, Tommi and
                  Help, Hanna and
                  Meaney, Alexander},
  title        = {Gel phantom data for dynamic {X}-ray tomography},
  month        = mar,
  year         = 2020,
  publisher    = {Zenodo},
  note         = {v1.1},
  doi          = {10.5281/zenodo.3696816},
  url          = {https://doi.org/10.5281/zenodo.3696816},
  type         = {Data set},
  institution  = {University of Helsinki}
}

@article{hadamard,
	Author = {Hadamard, Jacques},
	Journal = {Princeton University Bulletin},
	Keywords = {ill-posed, problem},
	Pages = {49-52},
	Title = {Sur les probl\`{e}mes aux d\'{e}riv\'{e}s partielles et leur signification physique},
	Volume = {13},
	Year = {1902}
 }

@phdthesis{dizon2021optimisation,
  title={{Optimisation in the Construction of Multidimensional Wavelets}},
  author={Dizon, Neil D.},
  year={2021},
  school={The University of Newcastle}
}
